<?xml version="1.0" encoding="UTF-8"?><collection xmlns="http://www.loc.gov/MARC21/slim"><record><leader>00616nam--2200181-i-4500</leader><controlfield tag="001">000014829</controlfield><controlfield tag="002">20161230</controlfield><controlfield tag="005">20161230201031</controlfield><controlfield tag="008">060222s1000------------r-----000-0-ger-d</controlfield><datafield ind1=" " ind2=" " tag="040"><subfield code="a">IFIN-HH</subfield></datafield><datafield ind1=" " ind2=" " tag="041"><subfield code="a">ger</subfield></datafield><datafield ind1=" " ind2=" " tag="080"><subfield code="a">539.26:681.3(043)</subfield></datafield><datafield ind1="1" ind2=" " tag="100"><subfield code="a">Christ, Gunter</subfield></datafield><datafield ind1="1" ind2="0" tag="245"><subfield code="a">Ein verfahren zur exakten bestimmung von effek tiver ordnungszahl, elektronendichte and schwa chungskoeffizient von materialien aus zwei com putertomographischen messungen</subfield><subfield code="b">Dissertation</subfield><subfield code="c">Gunter christ</subfield></datafield><datafield ind1=" " ind2=" " tag="260"><subfield code="a">Stuttgart</subfield><subfield code="b">Fakultat Fur Physik</subfield><subfield code="c">1981</subfield></datafield><datafield ind1=" " ind2=" " tag="300"><subfield code="a">85 P</subfield></datafield><datafield ind1=" " ind2=" " tag="852"><subfield code="a">75705</subfield><subfield code="c">539.2</subfield></datafield><datafield ind1=" " ind2=" " tag="CAT"><subfield code="a">Sys</subfield><subfield code="c">20121127</subfield><subfield code="h">102402</subfield></datafield></record></collection>